% Encoding: UTF-8
%Preliminary Begin

% [0] Raake, Alexander, et al. "IP-based mobile and fixed network audiovisual media services."
@article{raake2011ip,
  title={IP-based mobile and fixed network audiovisual media services},
  author={Raake, Alexander and Gustafsson, Jonas and Argyropoulos, Savvas and Garcia, M and Lindegren, David and Heikkila, Gunnar and Pettersson, Martin and List, Phillip and Feiten, Bernhard and others},
  journal={Signal Processing Magazine, IEEE},
  volume={28},
  number={6},
  year={2011},
  publisher={IEEE}
}

%[1] Maki, Toni, et al. "A reduced-reference parametric model for audiovisual quality of IPTV services."
@inproceedings{maki2013reduced,
  title={A reduced-reference parametric model for audiovisual quality of IPTV services},
  author={Maki, Toni and Kukolj, Dragan and Dordevic, Dragana and Varela, Marta},
  booktitle={Quality of Multimedia Experience (QoMEX), 2013 Fifth International Workshop on},
  year={2013},
  organization={IEEE}
}

%[2] Garcia, M-N., et al. "Parametric model for audiovisual quality assessment in IPTV: ITU-T Rec. P. 1201.2."
@inproceedings{garcia2013parametric,
  title={Parametric model for audiovisual quality assessment in {IPTV}: {ITU-T} {Rec}. {P.1201.2}},
  author={Garcia, M-N and List, Phillip and Argyropoulos, Savvas and Lindegren, David and Pettersson, Martin and Feiten, Bernhard and Gustafsson, Jonas and Raake, Alexander},
  booktitle={Multimedia Signal Processing (MMSP), 2013 IEEE 15th International Workshop on},
  year={2013},
  organization={IEEE}
}

%[3] T-Labs Series in Telecommunication Services Parametric Audiovisual Quality Model for IPTV Services
@book{garcia2014parametric,
  title={Parametric Packet-based Audiovisual Quality Model for IPTV Services},
  author={Garcia, Marie-Neige},
  year={2014},
  publisher={Springer}
}

%[4] Fliegel, Karel. "QUALINET Multimedia Databases v5. 5." (2014).
@article{fliegel2014qualinet,
  title={QUALINET Multimedia Databases v5. 5},
  author={Fliegel, Karel},
  year={2014}
}

%[5] Goudarzi, M., Sun, L., \& Ifeachor, E. (2010). Audiovisual quality estimation for video calls in wireless applications.
@inproceedings{goudarzi2010audiovisual,
  title={Audiovisual quality estimation for video calls in wireless applications},
  author={Goudarzi, Mohammad and Sun, Lingfen and Ifeachor, Emmanuel},
  booktitle={Global Telecommunications Conference (GLOBECOM 2010), 2010 IEEE},
  year={2010},
  organization={IEEE}
}

%[6] Keimel, C., Redl, A., \& Diepold, K. (2012). The TUM high definition video datasets.
@inproceedings{keimel2012tum,
  title={The TUM high definition video datasets},
  author={Keimel, Christian and Redl, Arne and Diepold, Klaus},
  booktitle={Quality of Multimedia Experience (QoMEX), 2012 Fourth International Workshop on},
  year={2012},
  organization={IEEE}
}

%[9] Robitza, W., Pitrey, Y., Nezveda, M., Buchinger, S., Hlavacs, H., \& Werner Robitza , Yohann Pitrey , Matej Nezveda , Shelley Buchinger, H. H. (2012). Made for Mobile : A Video Database Designed for Mobile Television.
@inproceedings{robitza2012made,
  title={Made for Mobile: a video database designed for Mobile Television},
  author={Robitza, Werner and Pitrey, Yohann and Nezveda, Matej and Buchinger, Shelley and Hlavacs, Helmut},
  booktitle={Sixth International Workshop on Video Processing and Quality Metrics for Consumer Electronics (VPQM)},
  year={2012}
}

%[10] Lucas Nussbaum and Olivier Richard. A comparative study of network link emulators.
@inproceedings{nussbaum2009comparative,
  title={A comparative study of network link emulators},
  author={Nussbaum, Lucas and Richard, Olivier},
  booktitle={Proceedings of the 2009 Spring Simulation Multiconference},
  year={2009},
  organization={Society for Computer Simulation International}
}



%[13] Rec, I. T. U. T. "P. 863," Perceptual Objective Listening Quality Assessment (POLQA)."
@article{beerends2013perceptual,
  title={Perceptual Objective Listening Quality Assessment {(POLQA)}, The Third Generation {ITU-T} Standard for End-to-End Speech Quality Measurement Part I—Temporal Alignment},
  author={Beerends, John G and Schmidmer, Christian and Berger, Jens and Obermann, Matthias and Ullmann, Raphael and Pomy, Joachim and Keyhl, Michael},
  journal={Journal of the Audio Engineering Society},
  volume={61},
  number={6},
  year={2013},
  publisher={Audio Engineering Society}
}

%[14] Benesty, Jacob, et al. "Pearson correlation coefficient." Noise reduction in speech processing. Springer Berlin Heidelberg, 2009. 1-4.
@incollection{benesty2009pearson,
  title={Pearson correlation coefficient},
  author={Benesty, Jacob and Chen, Jingdong and Huang, Yiteng and Cohen, Israel},
  booktitle={Noise reduction in speech processing},
  year={2009},
  publisher={Springer}
}

%[15] Tirumala, Ajay, et al. "Iperf: The TCP/UDP bandwidth measurement tool." htt p://dast. nlanr. net/Projects (2005).
@article{tirumala2005iperf,
  title={Iperf: The TCP/UDP bandwidth measurement tool},
  author={Tirumala, Ajay and Qin, Feng and Dugan, Jon and Ferguson, Jim and Gibbs, Kevin},
  journal={htt p://dast. nlanr. net/Projects},
  year={2005}
}

%[16] Witten, Ian H., and Eibe Frank. Data Mining: Practical machine learning tools and techniques. Morgan Kaufmann, 2005.
@book{witten2005data,
  title={Data Mining: Practical machine learning tools and techniques},
  author={Witten, Ian H and Frank, Eibe},
  year={2005},
  publisher={Morgan Kaufmann}
}

@misc{de2002videolan,
  title={VideoLAN Streaming Howto},
  author={De Lattre, Alexis and Bilien, Johan and Daoud, Anil and Stenac, Cl{\'e}ment and Cellerier, Antoine and Saman, Jean-Paul},
  url={http://www.videolan.org/doc/streaming-howto/en},
  howpublished = {Online},
  volume={66},
  urldate = {2016-11-22},
  year={2002}
}

@inproceedings{hemminger2005network,
  title={Network emulation with NetEm},
  author={Hemminger, Stephen and others},
  booktitle={Linux conf au},
  year={2005},
  organization={Citeseer}
}

@article{carbone2010dummynet,
  title={Dummynet revisited},
  author={Carbone, Marta and Rizzo, Luigi},
  journal={ACM SIGCOMM Computer Communication Review},
  volume={40},
  number={2},
  year={2010},
  publisher={ACM}
}

@Misc{macx2015,
  author    = {Digiarty Software},
  title     = {MacX HD Video Converter Pro},
  year      = {2015},
  publisher = {Digiarty Software, Inc},
  url={https://www.macxdvd.com/},
  urldate={2016-11-22}
}


%Preliminary End


%ACM Begin

@article{dubin2016real,
  title={Real Time Video Quality Representation Classification of Encrypted HTTP Adaptive Video Streaming-the Case of Safari},
  author={Dubin, Ran and Dvir, Amit and Pele, Ofir and Hadar, Ofer},
  journal={arXiv preprint arXiv:1602.00489},
  year={2016}
}

@article{huynh2011study,
  title={Study of rating scales for subjective quality assessment of high-definition video},
  author={Huynh-Thu, Quan and Garcia, Marie-Neige and Speranza, Filippo and Corriveau, Philip and Raake, Alexander},
  journal={IEEE Transactions on Broadcasting},
  volume={57},
  number={1},
  year={2011},
  publisher={IEEE}
}

@Article{garciaaudio,
  author  = {Garcia, Marie-Neige and List, Peter and Feiten, Bernhard and W{\"u}stenhagen, Ulf and Raake, Alexander},
  title   = {Audio-Video databases for H. 264-bitstream-based quality assessment of IPTV services},
  journal = {8th International Conference on Quality of Multimedia Experience (QoMEX 2016)},
  year    = {2016},
}

@article{itu2003G114,
  title={{ITU-T RECOMMENDATION G.114}: One-way transmission time},
  author={{ITU-T G.114}},
  publisher={{ITU-T}},
  year={2003}
}

%[12] ITU-T, Recommendation P. "920, Interactive test methods for audiovisual communications."
@article{itu1996920,
  title={{ITU-T RECOMMENDATION P.920}: Interactive test methods for audiovisual communications},
  author={{ITU-T P.920}},
  journal={International Telecommunications Union Radiocommunication Assembly},
  year={1996}
}

@article{itut2012G.1070,
  title={{ITU-T RECOMMENDATION G.1070}: Opinion model for video-telephony applications},
  year={2012},
  author={{ITU-T G.1070}},
  publisher={{ITU-T}}
}

@article{itut2015G.1071,
  title={{ITU-T RECOMMENDATION G.1071}: Opinion model for network planning of video and audio streaming applications},
  year={2015},
  author={{ITU-T G.1071}},
  publisher={{ITU-T}}
}

@article{itut2012P.1401,
  title={{ITU-T RECOMMENDATION P.1401}: Methods, metrics and procedures for statistical evaluation, qualification and comparison of objective quality prediction models},
  year={2012},
  author={{ITU-T P.1401}},
  publisher={{ITU-T}}
}

@article{rec2003g,
  title={{ITU-T RECOMMENDATION G.107}: The E Model, a computational model for use in transmission planning},
  year={2003},
  author={{ITU-T G.107}},
  publisher={{ITU-T}}
}

@article{itut2012P.1201,
author={{ITU-T P.1201}},
  title={{ITU-T RECOMMENDATION P.1201}: Parametric non-intrusive assessment of audiovisual media streaming quality.},
  year={2012},
  publisher={{ITU-T}}
}

@article{itut2012P.1201.2,
author={{ITU-T P.1201.2}},
  title={{ITU-T RECOMMENDATION P.1201.2}: Parametric non-intrusive assessment of audiovisual media streaming quality - higher resolution application area.},
  year={2012},
  publisher={{ITU-T}}
}

@article{itut2012P.1201.1,
author={{ITU-T P.1201.1}},
  title={{ITU-T RECOMMENDATION P.1201.1}: Parametric non-intrusive assessment of audiovisual media streaming quality - lower resolution application area.},
  year={2012},
  publisher={{ITU-T}}
}

@article{itut2012P.1202.1,
author={{ITU-T P.1202.1}},
  title={{ITU-T RECOMMENDATION P.1202.1}: Parametric non-intrusive bitstream assessment of video media streaming quality - Lower resolution application area .},
  year={2012},
  publisher={{ITU-T}}
}

@article{itut2012P.1202.2,
author={{ITU-T P.1202.2}},
  title={{ITU-T RECOMMENDATION P.1202.2}: Parametric non-intrusive bitstream assessment of video media streaming quality - Higher resolution application area.},
  year={2012},
  publisher={{ITU-T}}
}

@Article{itu1999subjective,
  author  = {{ITU-T P.910}},
  title   = {{ITU-T RECOMMENDATION P.910}: Subjective video quality assessment methods for multimedia applications},
  journal = {International Telecommunications Union, Geneva},
  year    = {1999}
}

@Article{itu911subjective,
  author  = {{ITU-T P.911}},
  title   = {{ITU-T RECOMMENDATION P.911}: Subjective audiovisual quality assessment methods for multimedia applications},
  journal = {International Telecommunications Union, Geneva},
  year    = {1998}
}

@Article{itu913subjective,
  author  = {{ITU-T P.913}},
  title   = {{ITU-T RECOMMENDATION P.913}: Methods for the subjective assessment of video quality, audio quality and audiovisual quality of Internet video and distribution quality television in any environment},
  year    = {2016}
}

%Yes
@inproceedings{konuk2015content,
  title={Content aware audiovisual quality assessment},
  author={Konuk, Baris and Zerman, Emin and Akar, Gozde Bozdagi and Nur, Gokce},
  booktitle={Signal Processing and Communications Applications Conference (SIU), 2015 23th},
  year={2015},
  organization={IEEE}
}

% Yes
@book{belmudez2015audiovisual,
  title={Audiovisual Quality Assessment and Prediction for Videotelephony},
  author={Belmudez, Benjamin},
  year={2015},
  publisher={Springer}
}

%Yes
@article{you2010perceptual,
  title={Perceptual-based quality assessment for audio--visual services: A survey},
  author={You, Junyong and Reiter, Ulrich and Hannuksela, Miska M and Gabbouj, Moncef and Perkis, Andrew},
  journal={Signal Processing: Image Communication},
  volume={25},
  number={7},
  year={2010},
  publisher={Elsevier}
}

%Yes
@inproceedings{pinson2013subjective,
  title={Subjective and objective evaluation of an audiovisual subjective dataset for research and development},
  author={Pinson, Margaret and Schmidmer, Christian and Janowski, Lucjan and P{\'e}pion, Romuald and Huynh-Thu, Quan and Corriveau, Philip and Younkin, Audrey and Le Callet, Patrick and Barkowsky, Marcus and Ingram, William},
  booktitle={Quality of Multimedia Experience (QoMEX), 2013 Fifth International Workshop on},
  year={2013}
}

% Yes
@article{gastaldo2013supporting,
  title={Supporting visual quality assessment with machine learning},
  author={Gastaldo, Paolo and Zunino, Rodolfo and Redi, Judith},
  journal={EURASIP Journal on Image and Video Processing},
  volume={2013},
  number={1},
  year={2013},
  publisher={Springer}
}

% Yes
@article{hunter2007matplotlib,
  title={Matplotlib: A 2D graphics environment},
  author={Hunter, John D and others},
  journal={Computing in science and engineering},
  volume={9},
  number={3},
  year={2007}
}

%Yes
@article{pinson2013consumer,
  title={The consumer digital video library [best of the web]},
  author={Pinson, Margaret},
  journal={Signal Processing Magazine, IEEE},
  volume={30},
  number={4},
  year={2013},
  publisher={IEEE}
}

%Yes
@article{strobl2007bias,
  title={Bias in random forest variable importance measures: Illustrations, sources and a solution},
  author={Strobl, Carolin and Boulesteix, Anne-Laure and Zeileis, Achim and Hothorn, Torsten},
  journal={BMC bioinformatics},
  volume={8},
  number={1},
  year={2007},
  publisher={BioMed Central}
}

%Yes
@article{pinson2012influence,
  title={The influence of subjects and environment on audiovisual subjective tests: An international study},
  author={Pinson, Margaret and Janowski, Lucjan and P{\'e}pion, Romuald and Huynh-Thu, Quan and Schmidmer, Christian and Corriveau, Phillip and Younkin, Audrey and Callet, Patrick Le and Barkowsky, Marcus and Ingram, William},
  journal={Selected Topics in Signal Processing, IEEE Journal of},
  volume={6},
  number={6},
  year={2012},
  publisher={IEEE}
}

@book{poli2008field,
  title={A field guide to genetic programming},
  author={Poli, Riccardo and Langdon, William B and McPhee, Nicholas F and Koza, John R},
  year={2008},
  publisher={Lulu.com}
}

@inproceedings{mushtaq2012empirical,
  title={Empirical study based on machine learning approach to assess the QoS/QoE correlation},
  author={Mushtaq, M Sajid and Augustin, Brice and Mellouk, Abdelhamid},
  booktitle={Networks and Optical Communications (NOC), 2012 17th European Conference on},
  year={2012},
  organization={IEEE}
}

@article{breiman2001random,
  title={Random forests},
  author={Breiman, Leo},
  journal={Machine learning},
  volume={45},
  number={1},
  year={2001},
  publisher={Springer}
}

@article{liaw2002classification,
  title={Classification and regression by randomForest},
  author={Liaw, Andy and Wiener, Matthew},
  journal={R news},
  volume={2},
  number={3},
  year={2002}
}

@inproceedings{oza2005online,
  title={Online bagging and boosting},
  author={Oza, Nikunj C},
  booktitle={Systems, man and cybernetics, 2005 IEEE international conference on},
  volume={3},
  year={2005},
  organization={IEEE}
}

@article{domingos2012few,
  title={A few useful things to know about machine learning},
  author={Domingos, Pedro},
  journal={Communications of the ACM},
  volume={55},
  number={10},
  year={2012},
  publisher={ACM}
}

@incollection{pfahringer2007new,
  title={New options for hoeffding trees},
  author={Pfahringer, Bernhard and Holmes, Geoffrey and Kirkby, Richard},
  booktitle={AI 2007: Advances in Artificial Intelligence},
  year={2007},
  publisher={Springer}
}

@article{comrie1997comparing,
  title={Comparing neural networks and regression models for ozone forecasting},
  author={Comrie, Andrew C},
  journal={Journal of the Air \& Waste Management Association},
  volume={47},
  number={6},
  year={1997},
  publisher={Taylor \& Francis}
}

@inproceedings{aroussi2014survey,
  title={Survey on machine learning-based QoE-QoS correlation models},
  author={Aroussi, Sana and Mellouk, Abdelhamid},
  booktitle={Computing, Management and Telecommunications (ComManTel), 2014 International Conference on},
  year={2014},
  organization={IEEE}
}

@inproceedings{du2009research,
  title={Research on relationship between QoE and QoS based on BP Neural Network},
  author={Du, Haiqing and Guo, Chang and Liu, Yixi and Liu, Yong},
  booktitle={Network Infrastructure and Digital Content, 2009. IC-NIDC 2009. IEEE International Conference on},
  year={2009},
  organization={IEEE}
}

@article{bengio2015deep,
  title={Deep learning},
  author={Bengio, Yoshua and Goodfellow, Ian J and Courville, Aaron},
  journal={An MIT Press book in preparation},
  year={2015},
  publisher={Citeseer}
}

@book{koza1992genetic,
  title={Genetic programming: on the programming of computers by means of natural selection},
  author={Koza, John R},
  volume={1},
  year={1992},
  publisher={MIT press}
}

@incollection{schmidt2010symbolic,
  title={Symbolic regression of implicit equations},
  author={Schmidt, Michael and Lipson, Hod},
  booktitle={Genetic Programming Theory and Practice VII},
  year={2010},
  publisher={Springer}
}

@misc{martinez2010mediainfo,
  title={MediaInfo},
  author={Martinez, J{\'e}r{\^o}me},
  year={2010}
}

@misc{demirbilek2016githubINRSdataset,
  author = {Demirbilek, Edip},
  title = {The {INRS} Audiovisual Quality Dataset},
  year = {2016},
  publisher = {{GitHub}},
  journal = {{GitHub} repository},
  urldate = {2016-11-22},
  url = {https://github.com/edipdemirbilek/ TheINRSAudiovisualQualityDataset},
  howpublished = {Online},
}

@misc{demirbilek2016githubGStreamertestbed,
  author = {Demirbilek, Edip},
  title = {{GStreamer} Multimedia Quality Testbed},
  year = {2016},
  publisher = {{GitHub}},
  journal = {{GitHub} repository},
  urldate = {2016-11-22},
  howpublished = {Online},
  url = {https://github.com/edipdemirbilek/ GStreamerMultimediaQualityTestbed}
}

@misc{demirbilek2016githubVLCtestbed,
  author = {Demirbilek, Edip},
  title = {{VLC} Multimedia Quality Testbed},
  year = {2016},
  publisher = {{GitHub}},
  journal = {{GitHub} repository},
  urldate = {2016-11-22},
  howpublished = {Online},
  url = {https://github.com/edipdemirbilek/ VLCVODMultimediaTestbed}
}

@misc{demirbilek2016githubplayer,
  author = {Demirbilek, Edip},
  title = {Subjective Assesment Video Player},
  year = {2016},
  publisher = {{GitHub}},
  journal = {{GitHub} repository},
  urldate = {2016-11-22},
  howpublished = {Online},
  url = {https://github.com/edipdemirbilek/ SubjectiveAssesmentVideoPlayer}
}

% Yes
@inproceedings{demirbilek2016towards,
    author = {Edip Demirbilek and Jean-Charles Gr{\'e}goire},
    title = {Towards Reduced Reference Parametric Models for Estimating Audiovisual Quality in Multimedia Services},
    booktitle={International conference on Communications (ICC), 2016},
    year={2016},
    organization={IEEE}
}

@inproceedings{demirbilek2016inrsquality,
    author = {Edip Demirbilek and Jean-Charles Gr{\'e}goire},
    title = {INRS Audiovisual Quality Dataset},
    year = {2016},
    booktitle={ACM Multimedia Conference 2016}
}

@article{demirbilek2016multimedia,
  title={Multimedia Communication Quality Assessment Testbeds},
  author={Demirbilek, Edip and Gr{\'e}goire, Jean-Charles},
  journal={arXiv preprint arXiv:1609.06612},
  year={2016}
}

@article{demirbilek2017parametricmodels,
  title={Machine Learning--Based Parametric Audiovisual Quality Prediction Models for Real-Time Communications},
  author={Demirbilek, Edip and Gr{\'e}goire, Jean-Charles},
  journal={ACM Transactions on Multimedia Computing, Communications, and Applications (TOMM)},
  volume={13},
  number={2},
  year={2017},
  publisher={ACM}
}


@article{demirbilek2017bitstreammodels,
  title={Machine Learning Based Bitstream Audiovisual Quality Prediction Models for Realtime Communications},
  author = {Edip Demirbilek and Jean-Charles Gr{\'e}goire},
  journal={IEEE International Conference on Multimedia and Expo (ICME) (Accepted)},
  year={2017}
}

@article{zielinski2006some,
  title={On some biases encountered in modern listening tests},
  author={Zielinski, Slawomir},
  journal={Proc. of Spatial Audio \& Sensory Evaluation Techniques},
  year={2006}
}
%ACM End

%Bitstream Begin

@misc{ffmpeg,
  title={{FFmpeg} multimedia system},
  author={Bellard, Fabrice},
  urldate = {2016-11-22},
  howpublished = {Online},
  url={https://www.ffmpeg.org/about.html},
  year={2005}
}

@article{itut2003G.107,
  title={ITU-T Recommendation G.107: The E-model, a computational model for use in transmission planning},
  author={Bergstra, Jan A and Middelburg, CA},
  year={2003},
  publisher={ITU-T}
}

@misc{itut2012P.1201.2_tool,
  title = {{ITU-T P.1201.2} Audiovisual Quality Estimation Tool},
  author={{Deutsche Telekom AG: T-LABS}},
  year = {2016},
  urldate = {2016-11-22},
  howpublished = {Online},
  url = {http://vqegstl.ugent.be/?q=P.1201.2}
}

@misc{Goodfellow-et-al-2016-Book,
    title={Deep Learning},
    author={Ian Goodfellow Yoshua Bengio and Aaron Courville},
    note={Book in preparation for MIT Press},
    urldate = {2016-11-22},
    howpublished = {Online},
    url={http://www.deeplearningbook.org},
    year={2016}
}


%Bitstream End

%Dataset Begin

%1 \cite{le2012qualinet}
@article{le2012qualinet,
  title={Qualinet white paper on definitions of quality of experience},
  author={Le Callet, Patrick and M{\"o}ller, Sebastian and Perkis, Andrew and others},
  journal={European Network on Quality of Experience in Multimedia Systems and Services (COST Action IC 1003)},
  year={2012}
}

%2 \cite{aroussi2012empirical}
@inproceedings{aroussi2012empirical,
  title={Empirical {QoE/QoS} correlation model based on multiple parameters for VoD flows},
  author={Aroussi, Sana and Bouabana-Tebibel, Thouraya and Mellouk, Abdelhamid},
  booktitle={Global Communications Conference (GLOBECOM), 2012 IEEE},
  year={2012},
  organization={IEEE}
}

%3 \cite{li2014real}
@article{li2014real,
  title={A real-time {QoE} methodology for {AMR} codec voice in mobile network},
  author={Li, WenZhi and Wang, Jing and Xing, ChengWen and Fei, ZeSong and Kuang, JingMing},
  journal={Science China Information Sciences},
  volume={57},
  number={4},
  year={2014},
  publisher={Springer}
}

%4 \cite{paudyal2014study}
@inproceedings{paudyal2014study,
  title={A study on the effects of quality of service parameters on perceived video quality},
  author={Paudyal, Pradip and Battisti, Federica and Carli, Marco},
  booktitle={Fifth European workshop on visual information processing (EUVIP)},
  year={2014}
}

%5 \cite{maia2014concise}
@article{maia2014concise,
  title={A concise review of the quality of experience assessment for video streaming},
  author={Maia, Orlewilson Bentes and Yehia, Hani Camille and de Errico, Luciano},
  journal={Computer Communications},
  year={2014},
  publisher={Elsevier}
}

%6 \cite{msakni2013qoe}
@inproceedings{msakni2013qoe,
  title={Is QoE estimation based on QoS parameters sufficient for video quality assessment?},
  author={Msakni, Hajer Gahbiche and Youssef, Habib},
  booktitle={Wireless Communications and Mobile Computing Conference (IWCMC), 2013 9th International},
  year={2013},
  organization={IEEE}
}

%7 \cite{alreshoodi2013survey}
@article{alreshoodi2013survey,
  title={Survey on {QoE}-{QoS} correlation models for multimedia services},
  author={Alreshoodi, Mohammed and Woods, John},
  journal={arXiv preprint arXiv:1306.0221},
  year={2013}
}

%8 \cite{rifai2011brief}
@inproceedings{rifai2011brief,
  title={A brief synthesis of {QoS-QoE} methodologies},
  author={Rifai, Hala and Mohammed, Samer and Mellouk, Abdelhamid},
  booktitle={Programming and Systems (ISPS), 2011 10th International Symposium on},
  year={2011},
  organization={IEEE}
}

%9 \cite{song2014acceptability}
@article{song2014acceptability,
  title={Acceptability-based QoE models for mobile video},
  author={Song, Wei and Tjondronegoro, Dian W},
  journal={Multimedia, IEEE Transactions on},
  volume={16},
  number={3},
  year={2014},
  publisher={IEEE}
}

%10 \cite{battisti2014qos}
@inproceedings{battisti2014qos,
  title={{QoS} to {QoE} mapping model for wired/wireless video communication},
  author={Battisti, Federica and Carli, Marco and Paudyal, Pradip},
  booktitle={Euro Med Telco Conference (EMTC), 2014},
  year={2014},
  organization={IEEE}
}

%14 \cite{singh2014state}
@inproceedings{singh2014state,
  title={State of the art and research issues in video quality assessment},
  author={Singh, Ranjit and Aggarwal, Naveen},
  booktitle={Engineering and Computational Sciences (RAECS), 2014 Recent Advances in},
  year={2014},
  organization={IEEE}
}

@Misc{VQEG2015,
  author       = {Video Quality Experts Group},
  title        = {{VQEG} Subjectively Rated Datasets},
  howpublished = {Online},
  year         = {2015},
  url          = {http://www.its.bldrdoc.gov/vqeg/downloads.aspx},
  urldate      = {2016-11-22},
}

%16 \cite{barkowsky2015objective}
@article{barkowsky2015objective,
  title={Objective Video Quality Assessment—Towards Large Scale Video Database Enhanced Model Development},
  author={Barkowsky, Marcus and Masala, Enrico and Van Wallendael, Glenn and BRUNNSTR{\"O}M, Kjell and Staelens, Nicolas and Le Callet, Patrick},
  journal={IEICE Transactions on Communications},
  volume={98},
  number={1},
  year={2015},
  publisher={The Institute of Electronics, Information and Communication Engineers}
}
@misc{EPFLPoliMI2015,
  author={{EPFL-PoliMI}},
  title =        {{EPFL-PoliMI} video quality assessment database},
  howpublished = {Online},
  year =         {2015},
  urldate = {2016-11-22},
  url =       {http://vqa.como.polimi.it/}
}

%21 \cite{schmitt2013quality}
@inproceedings{schmitt2013quality,
  title={A Quality of Experience Testbed for Video-Mediated Group Communication},
  author={Schmitt, Marwin and Gunkel, Simon and Cesar, Pablo},
  booktitle={Multimedia (ISM), 2013 IEEE International Symposium on},
  year={2013},
  organization={IEEE}
}

%22 \cite{kuipers2010techniques}
@incollection{kuipers2010techniques,
  title={Techniques for measuring quality of experience},
  author={Kuipers, Fernando and Kooij, Robert and De Vleeschauwer, Danny and Brunnstr{\"o}m, Kjell},
  booktitle={Wired/wireless internet communications},
  year={2010},
  publisher={Springer}
}

%23 \cite{menkovski2010online}
@inproceedings{menkovski2010online,
  title={Online qoe prediction},
  author={Menkovski, Vlado and Exarchakos, Georgios and Liotta, Antonio},
  booktitle={Quality of Multimedia Experience (QoMEX), 2010 Second International Workshop on},
  year={2010},
  organization={IEEE}
}

%24 \cite{mitra2014qoe}
@article{mitra2014qoe,
  title={{QoE} Modelling, Measurement and Prediction: A Review},
  author={Mitra, Karan and Zaslavsky, Arkady and {\AA}hlund, Christer},
  journal={arXiv preprint arXiv:1410.6952},
  year={2014}
}

%25 \cite{natrella2010nist}
@article{natrella2010nist,
  title={{NIST/SEMATECH} e-handbook of statistical methods},
  author={Natrella, Mary},
  year={2010},
  publisher={NIST/SEMATECH}
}

%27 \cite{dehaene2003neural}
@article{dehaene2003neural,
  title={The neural basis of the Weber--Fechner law: a logarithmic mental number line},
  author={Dehaene, Stanislas},
  journal={Trends in cognitive sciences},
  volume={7},
  number={4},
  year={2003},
  publisher={Elsevier}
}

%28 \cite{hossfeld2008testing}
@inproceedings{hossfeld2008testing,
  title={Testing the {IQX} hypothesis for exponential interdependency between QoS and QoE of voice codecs iLBC and G. 711},
  author={Ho{\ss}feld, Tobias and Hock, David and Tran-Gia, Phuoc and Tutschku, Kurt and Fiedler, Markus},
  booktitle={Proceedings of the 18th ITC Specialist Seminar on Quality of Experience},
  year={2008}
}

%29 \cite{bennett2000support}
@article{bennett2000support,
  title={Support vector machines: hype or hallelujah?},
  author={Bennett, Kristin P and Campbell, Colin},
  journal={ACM SIGKDD Explorations Newsletter},
  volume={2},
  number={2},
  year={2000},
  publisher={ACM}
}

%30 \cite{meyer2014support}
@article{meyer2014support,
  title={Support vector machines},
  author={Meyer, David and Wien, FH Technikum},
  journal={The Interface to libsvm in package e1071},
  year={2014}
}

%31 \cite{alpaydin2014introduction}
@book{alpaydin2014introduction,
  title={Introduction to machine learning},
  author={Alpaydin, Ethem},
  year={2014},
  publisher={MIT press}
}

%32 \cite{rish2001empirical}
@inproceedings{rish2001empirical,
  title={An empirical study of the naive Bayes classifier},
  author={Rish, Irina},
  booktitle={IJCAI 2001 workshop on empirical methods in artificial intelligence},
  volume={3},
  number={22},
  year={2001},
  organization={IBM New York}
}

%33 \cite{mitchell2015machine}
@article{mitchell2015machine,
  title={Machine learning. 2014},
  author={Mitchell, Tom M},
  year={2015}
}

%34 \cite{wu2008top}
@article{wu2008top,
  title={Top 10 algorithms in data mining},
  author={Wu, Xindong and Kumar, Vipin and Quinlan, J Ross and Ghosh, Joydeep and Yang, Qiang and Motoda, Hiroshi and McLachlan, Geoffrey J and Ng, Angus and Liu, Bing and Philip, S Yu and others},
  journal={Knowledge and Information Systems},
  volume={14},
  number={1},
  year={2008},
  publisher={Springer}
}

%37 \cite{yusuf2012mining}
@article{yusuf2012mining,
  title={Mining data streams using Option trees},
  author={Yusuf, B Reshma and Reddy, P Chenna},
  journal={International Journal of Computer Network and Information Security (IJCNIS)},
  volume={4},
  number={8},
  year={2012}
}

%41 \cite{reichl2010economics}
@inproceedings{reichl2010economics,
  title={Economics of logarithmic quality-of-experience in communication networks},
  author={Reichl, Peter and Tuffin, Bruno and Schatz, Raimund},
  booktitle={Telecommunications Internet and Media Techno Economics (CTTE), 2010 9th Conference on},
  year={2010},
  organization={IEEE}
}

%42 \cite{reichl2010logarithmic}
@inproceedings{reichl2010logarithmic,
  title={The logarithmic nature of {QoE} and the role of the Weber-Fechner law in QoE assessment},
  author={Reichl, Peter and Egger, Sebastian and Schatz, Raimund and D'Alconzo, Alessandro},
  booktitle={Communications (ICC), 2010 IEEE International Conference on},
  year={2010},
  organization={IEEE}
}

%43 \cite{hossfeld2007quantification}
@incollection{hossfeld2007quantification,
  title={Quantification of quality of experience for edge-based applications},
  author={Ho{\ss}feld, Tobias and Tran-Gia, Phuoc and Fiedler, Markus},
  booktitle={Managing Traffic Performance in Converged Networks},
  year={2007},
  publisher={Springer}
}

%45 \cite{fiedler2010generic}
@article{fiedler2010generic,
  title={A generic quantitative relationship between quality of experience and quality of service},
  author={Fiedler, Markus and Hossfeld, Tobias and Tran-Gia, Phuoc},
  journal={Network, IEEE},
  volume={24},
  number={2},
  year={2010},
  publisher={IEEE}
}

%46 \cite{fiedler2010quality}
@inproceedings{fiedler2010quality,
  title={Quality of Experience-related differential equations and provisioning-delivery hysteresis},
  author={Fiedler, Markus and Ho{\ss}feld, Tobias},
  booktitle={21st ITC specialist seminar on multimedia applications-Traffic, performance and QoE, Miyazaki, Japan},
  year={2010}
}

%47 \cite{khorsandroo2012generic}
@inproceedings{khorsandroo2012generic,
  title={A generic quantitative relationship between quality of experience and packet loss in video streaming services},
  author={Khorsandroo, Sajad and Noor, Rafidah Md},
  booktitle={Ubiquitous and Future Networks (ICUFN), 2012 Fourth International Conference on},
  year={2012},
  organization={IEEE}
}

%48 \cite{khorsandroo2012role}
@inproceedings{khorsandroo2012role,
  title={The role of psychophysics laws in quality of experience assessment: a video streaming case study},
  author={Khorsandroo, Sajad and Noor, Rafidah Md and Khorsandroo, Sayid},
  booktitle={Proceedings of the International Conference on Advances in Computing, Communications and Informatics},
  year={2012},
  organization={ACM}
}

%49 \cite{khorsandroo2013assess}
@article{khorsandroo2013assess,
  title={A Generic Quantitative Relationship to Assess Interdependency of {QoE} and {QoS}},
  author={Khorsandroo, Sajad and Noor, Rafidah Md and Khorsandroo, Sayid},
  journal={KSII Transactions on Internet and Information Systems (TIIS)},
  volume={7},
  number={2},
  year={2013}
}

%51 \cite{machado2011new}
@misc{machado2011new,
  title={A new proposal to provide estimation of {QoS} and {QoE} over {WiMAX} networks},
  author={Machado, Victor A and Carlos, N and Silva, Rosinei S Oliveira and Melo, Alexandre M and Silva, Marcelino and Franc{\^e}s, Carlos RL and Costa, Jo{\~a}o CWA and Vijaykumar, Nandamudi L and Hirata, Celso M},
  year={2011},
  publisher={LatinCom}
}

%52 \cite{calyam2012multi}
@article{calyam2012multi,
  title={Multi-resolution multimedia QoE models for {IPTV} applications},
  author={Calyam, Prasad and Chandrasekaran, Prashanth and Trueb, Gregg and Howes, Nathan and Ramnath, Rajiv and Yu, Delei and Liu, Ying and Xiong, Lixia and Yang, Daoyan},
  journal={International Journal of Digital Multimedia Broadcasting},
  volume={2012},
  year={2012},
  publisher={Hindawi Publishing Corporation}
}

%53 \cite{agboma2008qoe}
@inproceedings{agboma2008qoe,
  title={{QoE}-aware {QoS} management},
  author={Agboma, Florence and Liotta, Antonio},
  booktitle={Proceedings of the 6th international conference on advances in mobile computing and multimedia},
  year={2008},
  organization={ACM}
}

%54 \cite{agboma2012quality}
@article{agboma2012quality,
  title={Quality of experience management in mobile content delivery systems},
  author={Agboma, Florence and Liotta, Antonio},
  journal={Telecommunication Systems},
  volume={49},
  number={1},
  year={2012},
  publisher={Springer}
}

%55 \cite{menkovski2009predicting}
@inproceedings{menkovski2009predicting,
  title={Predicting quality of experience in multimedia streaming},
  author={Menkovski, Vlado and Oredope, Adetola and Liotta, Antonio and S{\'a}nchez, Antonio Cuadra},
  booktitle={Proceedings of the 7th International Conference on Advances in Mobile Computing and Multimedia},
  year={2009},
  organization={ACM}
}

%56 \cite{menkvoski2009optimized}
@inproceedings{menkvoski2009optimized,
  title={Optimized online learning for qoe prediction},
  author={Menkvoski, V and Oredope, Adetola and Liotta, Antonio and S{\'a}nchez, A Cuadra},
  booktitle={Proc. of the 21st Benelux conference on artificial intelligence},
  year={2009}
}

%58 \cite{menkovskionline}
@inproceedings{menkovskionline,
  title={Online Learning for Quality of Experience Management},
  author={Menkovski, Vlado and Exarchakos, Georgios and Liotta, Antonio},
  booktitle={Annual Machine Learning Conference of Belgium and The Netherlands},
  year={2010}
}

%60 \cite{chevul2006application}
@book{chevul2006application,
  title={On application-perceived Quality of Service in wireless networks},
  author={Chevul, Stefan},
  year={2006},
  publisher={Department of Telecommunication Systems, School of Engineering, Blekinge Institute of Technology}
}

%61 \cite{horvat2013analysis}
@inproceedings{horvat2013analysis,
  title={Analysis of {QoS} parameters for multimedia streaming in Wireless Sensor Networks},
  author={Horvat, Goran and Zagar, Drago and Matic, Tomislav},
  booktitle={ELMAR, 2013 55th International Symposium},
  year={2013},
  organization={IEEE}
}

%65 \cite{senturk2014computational}
@phdthesis{senturk2014computational,
  title={A Computational Framework for Quality of Service Measurement, Visualization and Prediction in Mission Critical Communication Networks},
  author={Senturk, Muhammet Burhan},
  year={2014},
  school={Arizona State University}
}

%secondary
%66 \cite{campbell1994quality}
@article{campbell1994quality,
  title={A quality of service architecture},
  author={Campbell, Andrew and Coulson, Geoff and Hutchison, David},
  journal={ACM SIGCOMM Computer Communication Review},
  volume={24},
  number={2},
  year={1994},
  publisher={ACM}
}

%67 \cite{wang2004survey}
@incollection{wang2004survey,
  title={Survey on the end-to-end internet delay measurements},
  author={Wang, Junfeng and Zhou, Mingtian and Li, Yuxia},
  booktitle={High Speed Networks and Multimedia Communications},
  year={2004},
  publisher={Springer}
}

%68 \cite{karthikeyan2014voip}
@article{karthikeyan2014voip,
  title={{VoIP} Packet Delay Techniques: A Survey},
  author={Karthikeyan, E and Shankar, R},
  journal={Global Journal of Computer Science and Technology},
  volume={14},
  number={3},
  year={2014}
}

%secondary
%70 \cite{minhas2012mobile}
@inproceedings{minhas2012mobile,
  title={Mobile video sensitivity to packet loss and packet delay variation in terms of QoE},
  author={Minhas, Tahir Nawaz and Gonzalez Lagunas, O and Arlos, Patrik and Fiedler, Markus},
  booktitle={Packet Video Workshop (PV), 2012 19th International},
  year={2012},
  organization={IEEE}
}

%71 \cite{singh2014voip}
@article{singh2014voip,
  title={{VoIP}: State of art for global connectivity—A critical review},
  author={Singh, Harjit Pal and Singh, Sarabjeet and Singh, Jasvir and Khan, SA},
  journal={Journal of Network and Computer Applications},
  volume={37},
  year={2014},
  publisher={Elsevier}
}

%73 \cite{shah2014evaluation}
@inproceedings{shah2014evaluation,
  title={Evaluation of queuing algorithms on {QoS} sensitive applications in IPv6 network},
  author={Shah, Junaid Latief and Parvez, Javed},
  booktitle={Advances in Computing, Communications and Informatics (ICACCI, 2014 International Conference on},
  year={2014},
  organization={IEEE}
}

%74 \cite{breuer2014precise}
@article{breuer2014precise,
  title={Precise packet delay measurement in an Ethernet network},
  author={Breuer, Jan and Vigner, Vojt{\v{e}}ch and Rozto{\v{c}}il, Jaroslav},
  journal={Measurement},
  volume={54},
  year={2014},
  publisher={Elsevier}
}

%75 \cite{karam2002analysis}
@article{karam2002analysis,
  title={Analysis of delay and delay jitter of voice traffic in the Internet},
  author={Karam, Mansour J and Tobagi, Fouad A},
  journal={Computer Networks},
  volume={40},
  number={6},
  year={2002},
  publisher={Elsevier}
}

%76 \cite{joskowicz2013considerations}
@inproceedings{joskowicz2013considerations,
  title={Considerations on Packet Loss Incidence on the Perceived Video Quality in Digital Television},
  author={Joskowicz, Jose and Sotelo, Rafael},
  booktitle={Workshop on Communications-IEEE LATINCOM},
  year={2013}
}

%77 \cite{santos2014application}
@article{santos2014application,
  title={The application of neural networks to improve the quality of experience of video transmission over IP networks},
  author={Santos, Carlos Eduardo Maffini and Ribeiro, Eduardo Parente and Pedroso, Carlos Marcelo},
  journal={Engineering Applications of Artificial Intelligence},
  volume={27},
  year={2014},
  publisher={Elsevier}
}

%78 \cite{greengrass2009not}
@article{greengrass2009not,
  title={Not all packets are equal, part 2: The impact of network packet loss on video quality},
  author={Greengrass, Jason and Evans, John and Begen, Ali C},
  journal={Internet Computing, IEEE},
  volume={13},
  number={2},
  year={2009},
  publisher={IEEE}
}

%79 \cite{liang2008analysis}
@article{liang2008analysis,
  title={Analysis of packet loss for compressed video: Effect of burst losses and correlation between error frames},
  author={Liang, Yi J and Apostolopoulos, John G and Girod, Bernd},
  journal={Circuits and Systems for Video Technology, IEEE Transactions on},
  volume={18},
  number={7},
  year={2008},
  publisher={IEEE}
}

%80 \cite{cermak2005packet}
@inproceedings{cermak2005packet,
  title={Packet Loss, Bandwidth and Latency Affect Judged Quality of Videoconferencing},
  author={Cermak, Gregory},
  booktitle={Proceedings of the First International Workshop on Video Processing and Quality Metrics for Consumer Electronics},
  year={2005}
}

%81 \cite{zhao2014toward}
@article{zhao2014toward,
  title={Toward efficient estimation of available bandwidth for {IEEE} 802.11-based wireless networks},
  author={Zhao, Peng and Yang, Xinyu and Yu, Wei and Dong, Chiyong and Yang, Shusen and Bhattarai, Sulabh},
  journal={Journal of Network and Computer Applications},
  volume={40},
  year={2014},
  publisher={Elsevier}
}

%82 \cite{holik2014methodology}
@inproceedings{holik2014methodology,
  title={The methodology of measuring throughput of a wireless network},
  author={Holik, Filip and Horalek, Josef and Marik, Ondrej and Neradova, Sona and Zitta, Stanislav},
  booktitle={Computational Intelligence and Informatics (CINTI), 2014 IEEE 15th International Symposium on},
  year={2014},
  organization={IEEE}
}

%83 \cite{zekauskas1999round}
@article{zekauskas1999round,
  title={A Round-trip Delay Metric for {IPPM}},
  author={Zekauskas, Matthew J and Kalidindi, Sunil and Almes, Guy},
  year={1999}
}

%84 \cite{zekauskas1999one}
@article{zekauskas1999one,
  title={A One-way Delay Metric for {IPPM}},
  author={Zekauskas, Matthew J and Kalidindi, Sunil and Almes, Guy},
  year={1999}
}

%secondary
%85 \cite{paxson1998framework}
@article{paxson1998framework,
  title={Framework for {IP} performance metrics},
  author={Paxson, Vern and Mahdavi, J and Mathis, M and Almes, G},
  journal={Framework},
  year={1998}
}

%86 \cite{zseby2001evaluation}
@article{zseby2001evaluation,
  title={Evaluation of building blocks for passive one-way-delay measurements},
  author={Zseby, Tanja},
  year={2001},
  publisher={Citeseer}
}

%87 \cite{jiang1999qos}
@article{jiang1999qos,
  title={{QoS} measurement of Real Time Multimedia services on the Internet},
  author={Jiang, Wenyu and Schulzrinne, Henning G},
  year={1999}
}

%88 \cite{cozzani1998passive}
@inproceedings{cozzani1998passive,
  title={A passive test and measurement system: traffic sampling for {QoS} evaluation},
  author={Cozzani, Irene and Giordano, Stefano},
  booktitle={Global Telecommunications Conference, 1998. GLOBECOM 1998. The Bridge to Global Integration. IEEE},
  volume={2},
  year={1998},
  organization={IEEE}
}

%89 \cite{conway2002passive}
@inproceedings{conway2002passive,
  title={A passive method for monitoring voice-over-{IP} call quality with {ITU-T} objective speech quality measurement methods},
  author={Conway, Adrian E},
  booktitle={Communications, 2002. ICC 2002. IEEE International Conference on},
  volume={4},
  year={2002},
  organization={IEEE}
}

%90 \cite{calyam2004performance}
@incollection{calyam2004performance,
  title={Performance measurement and analysis of h. 323 traffic},
  author={Calyam, Prasad and Sridharan, Mukundan and Mandrawa, Weiping and Schopis, Paul},
  booktitle={Passive and Active Network Measurement},
  year={2004},
  publisher={Springer}
}

%91 \cite{yensen2003hmm}
@article{yensen2003hmm,
  title={{HMM} delay prediction technique for {VoIP}},
  author={Yensen, Trevor and Lariviere, Jeffery P and Lambadaris, Ioannis and Goubran, Rafik A},
  journal={Multimedia, IEEE Transactions on},
  volume={5},
  number={3},
  year={2003},
  publisher={IEEE}
}

%Secondary References
%secondary
%62 \cite{mohan2011active}
@article{mohan2011active,
  title={Active and passive network measurements: a survey},
  author={Mohan, Venkat and Reddy, YR Janardhan and Kalpana, K},
  journal={Int J Comput Sci Inf Technol, ISSN},
  year={2011}
}

%secondary
%63 \cite{perkis2014business}
@incollection{perkis2014business,
  title={Business Perspectives on Quality of Experience},
  author={Perkis, Andrew and Reichl, Peter and Beker, Sergio},
  booktitle={Quality of Experience},
  year={2014},
  publisher={Springer}
}

%secondary
%64 \cite{perkis2013quality}
@article{perkis2013quality,
  title={Quality of experience {(QoE)} in multimedia applications},
  author={Perkis, Andrew},
  journal={SPIE Newsroom, DOI: 10.1117/2.1201302},
  volume={4591},
  year={2013}
}

%secondary
%93 \cite{moller2014quality}
@book{moller2014quality,
  title={Quality of Experience},
  author={M{\"o}ller, Sebastian and Raake, Alexander},
  year={2014},
  publisher={Springer}
}

%secondary
%94 \cite{fliegel2013wg4}
@article{fliegel2013wg4,
  title={{WG4} databases white paper v1. 5: {QUALINET} multimedia database enabling QoE evaluations and benchmarking},
  author={Fliegel, K and Timmerer, C},
  journal={Prague/Klagenfurt, Czech Republic/Austria},
  year={2013}
}

%secondary
%95 \cite{skowronek2015assessment}
@article{skowronek2015assessment,
  title={Assessment of Cognitive Load, Speech Communication Quality and Quality of Experience for spatial and non-spatial audio conferencing calls},
  author={Skowronek, Janto and Raake, Alexander},
  journal={Speech Communication},
  volume={66},
  year={2015},
  publisher={Elsevier}
}

%secondary
%96 \cite{shuang2014research}
@article{shuang2014research,
  title={Research on Media Intercommunications Between {WebRTC} and {IMS} Network},
  author={SHUANG, Kai and Guoshuai, ZHAO},
  journal={Journal of Computational Information Systems},
  volume={10},
  number={17},
  year={2014}
}

%secondary
%97 \cite{aggarwal2014review}
@inproceedings{aggarwal2014review,
  title={A review on Video Quality Assessment},
  author={Aggarwal, Naveen and others},
  booktitle={Engineering and Computational Sciences (RAECS), 2014 Recent Advances in},
  year={2014},
  organization={IEEE}
}

%secondary
%98 \cite{moldovan2014novel}
@inproceedings{moldovan2014novel,
  title={A novel methodology for mapping objective video quality metrics to the subjective MOS scale},
  author={Moldovan, Arghir-Nicolae and Ghergulescu, Ioana and Muntean, Cristina Hava},
  booktitle={Broadband Multimedia Systems and Broadcasting (BMSB), 2014 IEEE International Symposium on},
  year={2014},
  organization={IEEE}
}

%secondary
%99 \cite{shahid2014no}
@article{shahid2014no,
  title={No-reference image and video quality assessment: a classification and review of recent approaches},
  author={Shahid, Muhammad and Rossholm, Andreas and L{\"o}vstr{\"o}m, Benny and Zepernick, Hans-J{\"u}rgen},
  journal={EURASIP Journal on Image and Video Processing},
  volume={2014},
  number={1},
  year={2014},
  publisher={Springer}
}

%secondary
%100 \cite{skowronek2013quality}
@inproceedings{skowronek2013quality,
  title={Quality assessment of asymmetric multiparty telephone conferences: a systematic method from technical degradations to perceived impairments.},
  author={Skowronek, Janto and Herlinghaus, Julian and Raake, Alexander},
  booktitle={INTERSPEECH},
  year={2013}
}

%secondary
%101 \cite{hoeldtke2011conversation}
@inproceedings{hoeldtke2011conversation,
  title={Conversation analysis of multi-party conferencing and its relation to perceived quality},
  author={Hoeldtke, Katrin and Raake, Alexander},
  booktitle={Communications (ICC), 2011 IEEE International Conference on},
  year={2011},
  organization={IEEE}
}

%secondary
%102 \cite{moller2011speech}
@article{moller2011speech,
  title={Speech quality estimation: Models and trends},
  author={Moller, S and Chan, Wai-Yip and C{\^o}t{\'e}, Nicolas and Falk, Tiago H and Raake, Alexander and Waltermann, Marcel},
  journal={Signal Processing Magazine, IEEE},
  volume={28},
  number={6},
  year={2011},
  publisher={IEEE}
}

%References for Publicly Available Video Data Sets
%requested
%103 \cite{seshadrinathan2010study}
@article{seshadrinathan2010study,
  title={Study of subjective and objective quality assessment of video},
  author={Seshadrinathan, Kalpana and Soundararajan, Rajiv and Bovik, Alan Conrad and Cormack, Lawrence K},
  journal={Image Processing, IEEE transactions on},
  volume={19},
  number={6},
  year={2010},
  publisher={IEEE}
}

%requested
%104 \cite{seshadrinathan2010subjective}
@inproceedings{seshadrinathan2010subjective,
  title={A subjective study to evaluate video quality assessment algorithms},
  author={Seshadrinathan, Kalpana and Soundararajan, Rajiv and Bovik, Alan C and Cormack, Lawrence K},
  booktitle={IS\&T/SPIE Electronic Imaging},
  year={2010},
  organization={International Society for Optics and Photonics}
}

%requested
%105 \cite{barkowsky2012subjective}
@inproceedings{barkowsky2012subjective,
  title={Subjective experiment dataset for joint development of hybrid video quality measurement algorithms},
  author={Barkowsky, Marcus and Staelens, Nicolas and Janowski, Lucjan and Koudota, Yao and Leszczuk, Mikolaj and Urvoy, Matthieu and Hummelbrunner, Patrik and Sedano, Inigo and Brunnstr{\"o}m, Kjell},
  booktitle={QoEMCS 2012-Third Workshop on Quality of Experience for Multimedia Content Sharing},
  year={2012}
}

%requested
%106 \cite{barkowsky2010analysis}
@inproceedings{barkowsky2010analysis,
  title={Analysis of freely available dataset for hdtv including coding and transmission distortions},
  author={Barkowsky, Marcus and Pinson, Margaret and P{\'e}pion, Romuald and Le Callet, Patrick},
  booktitle={Fifth International Workshop on Video Processing and Quality Metrics (VPQM)},
  year={2010}
}

%requested
%107 \cite{ou2008modeling}
@article{ou2008modeling,
  title={Modeling the impact of frame rate on perceptual quality of video},
  author={Ou, Yen-Fu and Liu, Tao and Zhao, Zhi and Ma, Zhan and Wang, Yao},
  journal={City},
  volume={70},
  number={80},
  year={2008}
}

%requested
%108 \cite{ou2009novel}
@article{ou2009novel,
  title={A novel quality metric for compressed video considering both frame rate and quantization artifacts},
  author={Ou, Yen-Fu and Ma, Zhan and Wang, Yao},
  journal={City},
  volume={80},
  year={2009}
}

%requested
%109 \cite{ou2010perceptual}
@inproceedings{ou2010perceptual,
  title={Perceptual quality of video with frame rate variation: A subjective study.},
  author={Ou, Yen-Fu and Zhou, Yan and Wang, Yao},
  booktitle={ICASSP},
  year={2010}
}

%requested
%110 \cite{ou2011perceptual}
@inproceedings{ou2011perceptual,
  title={A perceptual video quality model for mobile platform considering impact of spatial, temporal, and amplitude resolutions},
  author={Ou, Yen-Fu and Xue, Yuanyi and Ma, Zhan and Wang, Yao},
  booktitle={IVMSP Workshop, 2011 IEEE 10th},
  year={2011},
  organization={IEEE}
}

%requested
%111 \cite{de2009subjective}
@inproceedings{de2009subjective,
  title={Subjective assessment of {H.264/AVC} video sequences transmitted over a noisy channel},
  author={De Simone, Francesca and Naccari, Matteo and Tagliasacchi, Marco and Dufaux, Frederic and Tubaro, Stefano and Ebrahimi, Touradj},
  booktitle={Quality of Multimedia Experience, 2009. QoMEx 2009. International Workshop on},
  year={2009},
  organization={IEEE}
}

%requested
%112 \cite{de2010h}
@inproceedings{de2010h,
  title={A {H.264/AVC} video database for the evaluation of quality metrics},
  author={De Simone, Francesca and Tagliasacchi, Marco and Naccari, Matteo and Tubaro, Stefano and Ebrahimi, Touradj},
  booktitle={Acoustics Speech and Signal Processing (ICASSP), 2010 IEEE International Conference on},
  year={2010},
  organization={IEEE}
}

%Retrieved
%requested
@inproceedings{paudyal2015study,
  title={Study of the effects of video content on quality of experience},
  author={Paudyal, Pradip and Battisti, Federica and Carli, Marco},
  booktitle={IS\&T/SPIE Electronic Imaging},
  year={2015},
  organization={International Society for Optics and Photonics}
}

%chap5[1]
@inproceedings{hansen2013assessing,
  title={Assessing {QoS} trade-offs for real-time video},
  author={Hansen, Jeffery P and Hissam, Scott and others},
  booktitle={World of Wireless, Mobile and Multimedia Networks (WoWMoM), 2013 IEEE 14th International Symposium and Workshops on a},
  year={2013},
  organization={IEEE}
}

%chap5[2]
@article{perkiselectronic,
  title={Electronic Imaging \& Signal Processing Quality of experience {(QoE)} in multimedia applications},
  author={Perkis, Andrew},
  year={2016}
}

%chap5[3]
@article{laghari2012toward,
  title={Toward total quality of experience: A {QoE} model in a communication ecosystem},
  author={Laghari, Khalil Ur Rehman and Connelly, Kay},
  journal={Communications Magazine, IEEE},
  volume={50},
  number={4},
  year={2012},
  publisher={IEEE}
}

%chap5[4]
@article{bordetsky2001feedback,
  title={A feedback control model for managing quality of service in multimedia communications},
  author={Bordetsky, Alex and Brown, Kevin and Christianson, Leann},
  journal={Telecommunication Systems},
  volume={17},
  number={3},
  year={2001},
  publisher={Springer}
}

%chap5[5]
@inproceedings{panza2014qos,
  title={QoS provisioning by cross-layer feedback control},
  author={Panza, Gianmarco and Grilli, Sara and Piri, Esa and Vehkapera, Janne},
  booktitle={Communications and Vehicular Technology in the Benelux (SCVT), 2014 IEEE 21st Symposium on},
  year={2014},
  organization={IEEE}
}

%chap5[6]
@article{vakili2013qoe,
  title={{QoE} management for video conferencing applications},
  author={Vakili, Ahmad and Gr{\'e}goire, Jean-Charles},
  journal={Computer Networks},
  volume={57},
  number={7},
  year={2013},
  publisher={Elsevier}
}

%chap5[7]
@article{vakili2012real,
  title={Real-Time Packet Loss Probability Estimates from {IP} Traffic Parameters},
  author={Vakili, Ahmad and Gr{\'e}goire, Jean-Charles},
  journal={International Journal on Advances in Networks and Services Volume 5, Number 1 \& 2, 2012},
  year={2012},
  publisher={Citeseer}
}

%chap6[3]
@article{rizzo1997dummynet,
  title={Dummynet: a simple approach to the evaluation of network protocols},
  author={Rizzo, Luigi},
  journal={ACM SIGCOMM Computer Communication Review},
  volume={27},
  number={1},
  year={1997},
  publisher={ACM}
}
%chap6[4]
@article{carson2003nist,
  title={{NIST} Net: a Linux-based network emulation tool},
  author={Carson, Mark and Santay, Darrin},
  journal={ACM SIGCOMM Computer Communication Review},
  volume={33},
  number={3},
  year={2003},
  publisher={ACM}
}
%chap6[5]
@inproceedings{agarwal2005scalable,
  title={Scalable network path emulation},
  author={Agarwal, Shilpi and Sommers, Joel and Barford, Paul},
  booktitle={Modeling, Analysis, and Simulation of Computer and Telecommunication Systems, 2005. 13th IEEE International Symposium on},
  year={2005},
  organization={IEEE}
}
%chap6[6]
@misc{ice2015,
  title =        {{LANforge} {ICE} Network Emulator},
  author={{Candela Tech.}},
  howpublished = {Online},
  year =         {2015},
  urldate = {2016-11-22},
  url={http://www.candelatech.com/datasheet\_ice.php}
}

@Article{anue2015,
  author  = {Emulators, High Performance Precision},
  title   = {Anue Systems},
  journal = {Inc.(Nov. 2007)},
  year    = {2007},
}

%chap6[8]
@misc{mccanne1997network,
  title={Network simulator ns-2},
  author={McCanne, Steven and Floyd, Sally and Fall, Kevin and Varadhan, Kannan and others},
  year={1997}
}
%chap6[9]
@incollection{riley2010ns,
  title={The ns-3 network simulator},
  author={Riley, George F and Henderson, Thomas R},
  booktitle={Modeling and Tools for Network Simulation},
  year={2010},
  publisher={Springer}
}
%chap6[10]
@article{yeom2001ende,
  title={{ENDE}: An end-to-end network delay emulator tool for multimedia protocol development},
  author={Yeom, Ikjun and Reddy, AL Narasimha},
  journal={Multimedia Tools and Applications},
  volume={14},
  number={3},
  year={2001},
  publisher={Springer}
}
%chap6[11]
@article{dischinger2008satellitelab,
  title={Satellitelab: adding heterogeneity to planetary-scale network testbeds},
  author={Dischinger, Marcel and Haeberlen, Andreas and Beschastnikh, Ivan and Gummadi, Krishna P and Saroiu, Stefan},
  journal={ACM SIGCOMM Computer Communication Review},
  volume={38},
  number={4},
  year={2008},
  publisher={ACM}
}

@inproceedings{tc2015,
  title={Linux network traffic control--implementation overview},
  author={Almesberger, Werner},
  booktitle={5th Annual Linux Expo},
  number={LCA-CONF-1999-012},
  year={1999}
}

%chap6[19]
@article{pedregosa2011scikit,
  title={Scikit-learn: Machine learning in Python},
  author={Pedregosa, Fabian and Varoquaux, Ga{\"e}l and Gramfort, Alexandre and Michel, Vincent and Thirion, Bertrand and Grisel, Olivier and Blondel, Mathieu and Prettenhofer, Peter and Weiss, Ron and Dubourg, Vincent and others},
  journal={The Journal of Machine Learning Research},
  volume={12},
  year={2011},
  publisher={JMLR. org}
}
%chap6[22]
@inproceedings{caruana2006empirical,
  title={An empirical comparison of supervised learning algorithms},
  author={Caruana, Rich and Niculescu-Mizil, Alexandru},
  booktitle={Proceedings of the 23rd international conference on Machine learning},
  year={2006},
  organization={ACM}
}
%chap6[24]
@book{bowles2015machine,
  title={Machine Learning in Python: Essential Techniques for Predictive Analysis},
  author={Bowles, Michael},
  year={2015},
  publisher={John Wiley \& Sons}
}

@Article{ivovhangout,
  author = {Ivov, Emil},
  title  = {Hangout-like Video Conferences with Jitsi Videobridge and XMPP},
  year   = {2013},
}

@misc{teamgstreamer,
  author  = {{GStreamer Team}},
  title   = {GStreamer: open source multimedia framework},
  urldate = {2016-11-22},
  howpublished = {Online},
  url = {https://gstreamer.freedesktop.org/},
  year    = {2016}
}

@misc{vlcpythonbindings,
  author  = {{VLC Team}},
  title =        {VLC Python Bindings},
  howpublished = {Online},
  year =         {2016},
  urldate = {2016-11-22},
  howpublished = {Online},
  url={https://wiki.videolan.org/python\_bindings}
  }

@misc{LibVLC,
  author  = {{VLC Team}},
  title =        {LibVLC API},
  howpublished = {Online},
  year =         {2016},
  urldate = {2016-11-22},
  url={https://www.videolan.org/developers/vlc/doc/doxygen/html/group\_\_libvlc.html}
  }

@misc{VLC,
  author  = {{VLC Team}},
  title =        {VideoLan},
  howpublished = {Online},
  year =         {2016},
  urldate = {2016-11-22},
  url={https://www.videolan.org}
  }

@misc{glib2,
  title =        {GLib 2.0 object model},
  author  = {{Gnome Developer}},
  year =         {2016},
  urldate = {2016-11-22},
  howpublished = {Online},
  url={https://developer.gnome.org/gobject/stable/}
  }

@misc{gstreamerpython,
  author  = {{GStreamer Team}},
  title =        {GStreamer Python Bindings Supplement},
  howpublished = {Online},
  year =         {2016},
  urldate = {2016-11-22},
  url={https://gstreamer.freedesktop.org/modules/gst-python.html}
  }

%12 \cite{chenqos}

@Article{chenqos,
  author    = {Chen, Yanjiao and Wu, Kaishun and Zhang, Qian},
  title     = {From {QoS to QoE}: A Survey and Tutorial on State of Art, Evolution and Future Directions of Video Quality Analysis},
  year      = {2014},
  publisher = {IEEE}
}

%72 \cite{angrisani2013internet}
@article{angrisani2013internet,
  title={Internet Protocol Packet Delay Variation measurements in communication networks: How to evaluate measurement uncertainty?},
  author={Angrisani, Leopoldo and Capriglione, Domenico and Ferrigno, Luigi and Miele, Gianfranco},
  journal={Measurement},
  volume={46},
  number={7},
  year={2013},
  publisher={Elsevier}
}

@inproceedings{jain2002pathload,
  title={Pathload: A measurement tool for end-to-end available bandwidth},
  author={Jain, Manish and Dovrolis, Constantinos},
  booktitle={In Proceedings of Passive and Active Measurements (PAM) Workshop},
  year={2002},
  organization={Citeseer}
}

@inproceedings{johnsson2004diettopp,
  title={Diettopp: A first implementation and evaluation of a simplified bandwidth measurement method},
  author={Johnsson, Andreas and Melander, Bob and Bj{\"o}rkman, Mats},
  booktitle={Second Swedish National Computer Networking Workshop},
  volume={5},
  year={2004},
  organization={Citeseer}
}

@article{wong1990traf,
  title={TRAF-NETSIM: How it works, what it does},
  author={Wong, Shui-Ying},
  year={1990},
  publisher={Citeseer}
}

@inproceedings{chang1999network,
  title={Network simulations with OPNET},
  author={Chang, Xinjie},
  booktitle={Proceedings of the 31st conference on Winter simulation: Simulation---a bridge to the future-Volume 1},
  year={1999},
  organization={ACM}
}

@book{MATLAB:2010,
year = {2010},
author = {MATLAB},
title = {version 7.10.0 (R2010a)},
publisher = {The MathWorks Inc.},
address = {Natick, Massachusetts}
}

@inproceedings{varga2001omnet++,
  title={The OMNeT++ discrete event simulation system},
  author={Varga, Andr{\'a}s and others},
  booktitle={Proceedings of the European simulation multiconference (ESM’2001)},
  volume={9},
  number={S 185},
  pages={65},
  year={2001},
  organization={sn}
}

@book{issariyakul2011introduction,
  title={Introduction to network simulator NS2},
  author={Issariyakul, Teerawat and Hossain, Ekram},
  year={2011},
  publisher={Springer Science \& Business Media}
}

@inproceedings{klaue2003evalvid,
  title={Evalvid--A framework for video transmission and quality evaluation},
  author={Klaue, Jirka and Rathke, Berthold and Wolisz, Adam},
  booktitle={International Conference on Modelling Techniques and Tools for Computer Performance Evaluation},
  year={2003},
  organization={Springer}
}

@article{hall2009weka,
  title={The WEKA data mining software: an update},
  author={Hall, Mark and Frank, Eibe and Holmes, Geoffrey and Pfahringer, Bernhard and Reutemann, Peter and Witten, Ian H},
  journal={ACM SIGKDD explorations newsletter},
  volume={11},
  number={1},
  year={2009},
  publisher={ACM}
}

@article{bifet2010moa,
  title={Moa: Massive online analysis},
  author={Bifet, Albert and Holmes, Geoff and Kirkby, Richard and Pfahringer, Bernhard},
  journal={Journal of Machine Learning Research},
  volume={11},
  number={May},
  year={2010}
}

@article{chang2011libsvm,
  title={LIBSVM: a library for support vector machines},
  author={Chang, Chih-Chung and Lin, Chih-Jen},
  journal={ACM Transactions on Intelligent Systems and Technology (TIST)},
  volume={2},
  number={3},
  year={2011},
  publisher={ACM}
}

@article{hewage2009quality,
  title={Quality evaluation of color plus depth map-based stereoscopic video},
  author={Hewage, Chaminda TER and Worrall, Stewart T and Dogan, Safak and Villette, Stephane and Kondoz, Ahmet M},
  journal={IEEE Journal of Selected Topics in Signal Processing},
  volume={3},
  number={2},
  year={2009},
  publisher={IEEE}
}

@inproceedings{kohavi1995study,
  title={A study of cross-validation and bootstrap for accuracy estimation and model selection},
  author={Kohavi, Ron and others},
  booktitle={Ijcai},
  volume={14},
  number={2},
  year={1995}
}

@article{sellke2001calibration,
  title={Calibration of $\rho$ values for testing precise null hypotheses},
  author={Sellke, Thomas and Bayarri, MJ and Berger, James O},
  journal={The American Statistician},
  volume={55},
  number={1},
  year={2001},
  publisher={Taylor \& Francis}
}

@Comment{jabref-meta: databaseType:bibtex;}
